%--- Analysis paper

@article{Aad:2014nra,
  title          = "{Search for pair-produced third-generation squarks
    decaying via charm quarks or in compressed supersymmetric
    scenarios in $pp$ collisions at $\sqrt{s}=8~$TeV with the
    ATLAS detector}",
  collaboration  = "ATLAS Collaboration",
  journal        = "Phys.Rev.",
  volume         = "D90",
  pages          = "052008",
  doi            = "10.1103/PhysRevD.90.052008",
  year           = "2014",
  eprint         = "1407.0608",
  archivePrefix  = "arXiv",
  primaryClass   = "hep-ex",
  reportNumber   = "CERN-PH-EP-2014-141",
  SLACcitation   = "%%CITATION = ARXIV:1407.0608;%%",
}


%---------- Standard Model

@article{Glashow:1961tr,
      author         = "Glashow, S.L.",
      title          = "{Partial Symmetries of Weak Interactions}",
      journal        = "Nucl. Phys.",
      volume         = "22",
      pages          = "579-588",
      doi            = "10.1016/0029-5582(61)90469-2",
      year           = "1961",
      SLACcitation   = "%%CITATION = NUPHA,22,579;%%",
}

@article{Weinberg:1967tq,
      author         = "Weinberg, Steven",
      title          = "{A Model of Leptons}",
      journal        = "Phys. Rev. Lett.",
      volume         = "19",
      pages          = "1264-1266",
      doi            = "10.1103/PhysRevLett.19.1264",
      year           = "1967",
      SLACcitation   = "%%CITATION = PRLTA,19,1264;%%",
}

@article{Salam:1980jd,
      author         = "Salam, Abdus",
      title          = "{Gauge Unification of Fundamental Forces}",
      journal        = "Rev. Mod. Phys.",
      volume         = "52",
      pages          = "525-538",
      doi            = "10.1103/RevModPhys.52.525",
      year           = "1980",
      reportNumber   = "IC-80-28",
      SLACcitation   = "%%CITATION = RMPHA,52,525;%%",
}

@article{Kinoshita:1962ur,
  author         = "Kinoshita, T.",
  title          = "{Mass singularities of Feynman amplitudes}",
  journal        = "J.Math.Phys.",
  volume         = "3",
  pages          = "650-677",
  doi            = "10.1063/1.1724268",
  year           = "1962",
  SLACcitation   = "%%CITATION = JMAPA,3,650;%%",
}

@article{Lee:1964is,
  author         = "Lee, T.D. and Nauenberg, M.",
  title          = "{Degenerate Systems and Mass Singularities}",
  journal        = "Phys.Rev.",
  volume         = "133",
  pages          = "B1549-B1562",
  doi            = "10.1103/PhysRev.133.B1549",
  year           = "1964",
  SLACcitation   = "%%CITATION = PHRVA,133,B1549;%%",
}

@article{Beringer:1900zz,
      author         = "Beringer, J. and others",
      title          = "{Review of Particle Physics (RPP)}",
      collaboration  = "Particle Data Group",
      journal        = "Phys. Rev.",
      volume         = "D86",
      pages          = "010001",
      doi            = "10.1103/PhysRevD.86.010001",
      year           = "2012",
      reportNumber   = "SLAC-REPRINT-2014-001",
      SLACcitation   = "%%CITATION = PHRVA,D86,010001;%%",
}

@article{Mangano:2005dj,
      author         = "Mangano, M.L. and Stelzer, T.J.",
      title          = "{Tools for the simulation of hard hadronic collisions}",
      journal        = "Ann. Rev. Nucl. Part. Sci.",
      volume         = "55",
      pages          = "555-588",
      doi            = "10.1146/annurev.nucl.55.090704.151505",
      year           = "2005",
      reportNumber   = "CERN-PH-TH-2005-074",
      SLACcitation   = "%%CITATION = ARNUA,55,555;%%",
}

@misc{Halzen,
  added-at = {2007-09-22T20:12:41.000+0200},
  author = {Halzen, Francis. and Martin, Alan D.},
  biburl = {http://www.bibsonomy.org/bibtex/2ebd28533adfdfe9da48f682866fbb62c/stuartw},
  date-added = {2006-11-13 19:25:22 +0000},
  date-modified = {2007-03-26 15:09:52 +0100},
  howpublished = {Wiley},
  interhash = {ec36921d998ca1c5c21ebb91e2dff591},
  intrahash = {ebd28533adfdfe9da48f682866fbb62c},
  keywords = {imported},
  timestamp = {2007-09-22T20:12:41.000+0200},
  title = {Quarks and Leptons},
  year = 1985
}

@article{Ellis:1991qj,
  author         = "Ellis, R. Keith and Stirling, W. James and Webber, B.R.",
  title          = "{QCD and collider physics}",
  journal        = "Camb. Monogr. Part. Phys. Nucl. Phys. Cosmol.",
  volume         = "8",
  pages          = "1-435",
  year           = "1996",
  SLACcitation   = "%%CITATION = CMPCE,8,1;%%",
}

@article{Peskin:1995ev,
  author         = "Peskin, Michael E. and Schroeder, Daniel V.",
  title          = "{An Introduction to quantum field theory}",
  year           = "1995",
  reportNumber   = "ISBN-9780201503975",
  SLACcitation   = "%%CITATION = ISBN-9780201503975 ETC.;%%",
}

@article{Aad:2010ah,
  title          = "{The ATLAS Simulation Infrastructure}",
  collaboration  = "ATLAS Collaboration",
  journal        = "Eur. Phys. J.",
  volume         = "C70",
  pages          = "823-874",
  doi            = "10.1140/epjc/s10052-010-1429-9",
  year           = "2010",
  eprint         = "1005.4568",
  archivePrefix  = "arXiv",
  primaryClass   = "physics.ins-det",
  SLACcitation   = "%%CITATION = ARXIV:1005.4568;%%",
}

@book{ellis2003qcd,
  title={QCD and Collider Physics},
  author={Ellis, R.K. and Stirling, W.J. and Webber, B.R.},
  isbn={9780521545891},
  lccn={96031560},
  series={Cambridge Monographs on Particle Physics, Nuclear Physics and Cosmology},
  url={http://books.google.es/books?id=TqrPVoS6s0UC},
  year={2003},
  publisher={Cambridge University Press}
}

@article{Skands:2011pf,
  author         = "Skands, Peter Z.",
  title          = "{QCD for Collider Physics}",
  year           = "2011",
  eprint         = "1104.2863",
  archivePrefix  = "arXiv",
  primaryClass   = "hep-ph",
  reportNumber   = "CERN-TH-2011-080, MCNET-11-13",
  SLACcitation   = "%%CITATION = ARXIV:1104.2863;%%",
}

@article{Buckley:2011ms,
  author         = "Buckley, Andy and Butterworth, Jonathan and Gieseke,
  Stefan and Grellscheid, David and Hoche, Stefan and
    others",
  title          = "{General-purpose event generators for LHC physics}",
  journal        = "Phys. Rept.",
  volume         = "504",
  pages          = "145-233",
  doi            = "10.1016/j.physrep.2011.03.005",
  year           = "2011",
  eprint         = "1101.2599",
  archivePrefix  = "arXiv",
  primaryClass   = "hep-ph",
  reportNumber   = "CAVENDISH-HEP-10-21, CERN-PH-TH-2010-298, DCPT-10-202,
  HD-THEP-10-24, IPPP-10-101, KA-TP-40-2010, LU-TP-10-28,
  MAN-HEP-2010-23, MCNET-11-01, SLAC-PUB-14333",
  SLACcitation   = "%%CITATION = ARXIV:1101.2599;%%",
}

@article{Breitweg:1998dz,
      author         = "Breitweg, J. and others",
      title          = "{ZEUS results on the measurement and phenomenology of
                        F(2) at low x and low Q**2}",
      collaboration  = "ZEUS Collaboration",
      journal        = "Eur. Phys. J.",
      volume         = "C7",
      pages          = "609-630",
      doi            = "10.1007/s100529901084",
      year           = "1999",
      eprint         = "hep-ex/9809005",
      archivePrefix  = "arXiv",
      primaryClass   = "hep-ex",
      reportNumber   = "DESY-98-121, ANL-HEP-PR-98-120",
      SLACcitation   = "%%CITATION = HEP-EX/9809005;%%",
}

@article{Bethke:2009jm,
  author         = "Bethke, Siegfried",
  title          = "{The 2009 World Average of alpha(s)}",
  journal        = "Eur. Phys. J.",
  volume         = "C64",
  pages          = "689-703",
  doi            = "10.1140/epjc/s10052-009-1173-1",
  year           = "2009",
  eprint         = "0908.1135",
  archivePrefix  = "arXiv",
  primaryClass   = "hep-ph",
  SLACcitation   = "%%CITATION = ARXIV:0908.1135;%%",
}

%--- Beyond the SM

@article{Martin:1997ns,
  author         = "Martin, Stephen P.",
  title          = "{A Supersymmetry primer}",
  journal        = "Adv. Ser. Direct. High Energy Phys.",
  volume         = "21",
  pages          = "1-153",
  doi            = "10.1142/9789814307505_0001",
  year           = "2010",
  eprint         = "hep-ph/9709356",
  archivePrefix  = "arXiv",
  primaryClass   = "hep-ph",
  SLACcitation   = "%%CITATION = HEP-PH/9709356;%%",
}

@article{Drees:1996ca,
  author         = "Drees, Manuel",
  title          = "{An Introduction to supersymmetry}",
  year           = "1996",
  eprint         = "hep-ph/9611409",
  archivePrefix  = "arXiv",
  primaryClass   = "hep-ph",
  reportNumber   = "APCTP-05, KEK-TH-501, C96-06-04.1",
  SLACcitation   = "%%CITATION = HEP-PH/9611409;%%",
}

@article{Witten:1981nf,
  author         = "Witten, Edward",
  title          = "{Dynamical Breaking of Supersymmetry}",
  journal        = "Nucl. Phys.",
  volume         = "B188",
  pages          = "513",
  doi            = "10.1016/0550-3213(81)90006-7",
  year           = "1981",
  reportNumber   = "Print-81-0317 (PRINCETON)",
  SLACcitation   = "%%CITATION = NUPHA,B188,513;%%",
}

@article{Haag,
  author         = "Haag, R and Lopuszanski, J. T. and Sohnius, M",
  title          = "{All possible generators of supersymmetries of the S-Matrix}",
  journal        = "Nucl. Phys.",
  volume         = "B88",
  pages          = "257-274",
  doi            = "10.1016/0550-3213(81)90006-7",
  year           = "1975",
  reportNumber   = "Print-81-0317 (PRINCETON)",
  SLACcitation   = "%%CITATION = NUPHA,B188,416;%%",
}

@article{Haag2,
  author         = "Haag, R and Lopuszanski, J. T. and Sohnius, M",
  title          = "{All possible generators of supersymmetries of the S-Matrix}",
  journal        = "Nucl. Phys.",
  volume         = "B88",
  pages          = "257-274",
  doi            = "10.1016/0550-3213(81)90006-7",
  year           = "1975",
  reportNumber   = "Print-81-0317 (PRINCETON)",
  SLACcitation   = "%%CITATION = NUPHA,B188,257;%%",
}

@article{Kraml:1999qd,
  author         = "Kraml, Sabine",
  title          = "{Stop and sbottom phenomenology in the MSSM}",
  year           = "1999",
  eprint         = "hep-ph/9903257",
  archivePrefix  = "arXiv",
  primaryClass   = "hep-ph",
  SLACcitation   = "%%CITATION = HEP-PH/9903257;%%",
}

@article{Flores:1982pr,
  author         = "Flores, Ricardo A. and Sher, Marc",
  title          = "{Higgs Masses in the Standard, Multi-Higgs and
    Supersymmetric Models}",
journal        = "Annals Phys.",
volume         = "148",
pages          = "95",
doi            = "10.1016/0003-4916(83)90331-7",
year           = "1983",
reportNumber   = "UCSC-TH-154-82",
SLACcitation   = "%%CITATION = APNYA,148,95;%%",
}

@article{Ellis:1981ts,
  author         = "Ellis, John R. and Nanopoulos, Dimitri V.",
  title          = "{Flavor Changing Neutral Interactions in Broken
    Supersymmetric Theories}",
journal        = "Phys. Lett.",
volume         = "B110",
pages          = "44",
doi            = "10.1016/0370-2693(82)90948-0",
year           = "1982",
reportNumber   = "CERN-TH-3216",
SLACcitation   = "%%CITATION = PHLTA,B110,44;%%",
}

@article{Beenakker:1997ut,
  author         = "Beenakker, W. and Kramer, M. and Plehn, T. and Spira, M.
    and Zerwas, P.M.",
  title          = "{Stop production at hadron colliders}",
  journal        = "Nucl. Phys.",
  volume         = "B515",
  pages          = "3-14",
  doi            = "10.1016/S0550-3213(98)00014-5",
  year           = "1998",
  eprint         = "hep-ph/9710451",
  archivePrefix  = "arXiv",
  primaryClass   = "hep-ph",
  reportNumber   = "DESY-97-214, CERN-TH-97-177, RAL-TR-97-056",
  SLACcitation   = "%%CITATION = HEP-PH/9710451;%%",
}

@article{Beenakker:1996ch,
  author         = "Beenakker, W. and Hopker, R. and Spira, M. and Zerwas,
  P.M.",
  title          = "{Squark and gluino production at hadron colliders}",
  journal        = "Nucl. Phys.",
  volume         = "B492",
  pages          = "51-103",
  doi            = "10.1016/S0550-3213(97)80027-2",
  year           = "1997",
  eprint         = "hep-ph/9610490",
  archivePrefix  = "arXiv",
  primaryClass   = "hep-ph",
  reportNumber   = "DESY-96-150, CERN-TH-96-215",
  SLACcitation   = "%%CITATION = HEP-PH/9610490;%%",
}

@article{Kramer:2012bx,
  author         = "Kramer, Michael and Kulesza, Anna and van der Leeuw,
  Robin and Mangano, Michelangelo and Padhi, Sanjay and
    others",
  title          = "{Supersymmetry production cross sections in $pp$
    collisions at $\sqrt{s}=7$ TeV}",
year           = "2012",
eprint         = "1206.2892",
archivePrefix  = "arXiv",
primaryClass   = "hep-ph",
reportNumber   = "CERN-PH-TH-2012-163",
SLACcitation   = "%%CITATION = ARXIV:1206.2892;%%",
}

@article{Berggren:2013bua,
  author         = "Berggren, Mikael and Han, Tao and List, Jenny and Padhi,
  Sanjay and Su, Shufang and others",
  title          = "{Electroweakino Searches: A Comparative Study for LHC and
    ILC (A Snowmass White Paper)}",
year           = "2013",
eprint         = "1309.7342",
archivePrefix  = "arXiv",
primaryClass   = "hep-ph",
SLACcitation   = "%%CITATION = ARXIV:1309.7342;%%",
}

@article{Klasen:2006kb,
  author         = "Klasen, Michael and Pignol, Guillaume",
  title          = "{New Results for Light Gravitinos at Hadron Colliders:
    Tevatron Limits and LHC Perspectives}",
journal        = "Phys. Rev.",
volume         = "D75",
pages          = "115003",
doi            = "10.1103/PhysRevD.75.115003",
year           = "2007",
eprint         = "hep-ph/0610160",
archivePrefix  = "arXiv",
primaryClass   = "hep-ph",
reportNumber   = "LPSC-06-057",
SLACcitation   = "%%CITATION = HEP-PH/0610160;%%",
}

@article{ArkaniHamed:1998rs,
  author         = "Arkani-Hamed, Nima and Dimopoulos, Savas and Dvali, G.R.",
  title          = "{The Hierarchy problem and new dimensions at a
    millimeter}",
journal        = "Phys. Lett.",
volume         = "B429",
pages          = "263-272",
doi            = "10.1016/S0370-2693(98)00466-3",
year           = "1998",
eprint         = "hep-ph/9803315",
archivePrefix  = "arXiv",
primaryClass   = "hep-ph",
reportNumber   = "SLAC-PUB-7769, SU-ITP-98-13",
SLACcitation   = "%%CITATION = HEP-PH/9803315;%%",
}

@article{Giudice:1998ck,
  author         = "Giudice, Gian F. and Rattazzi, Riccardo and Wells, James
    D.",
  title          = "{Quantum gravity and extra dimensions at high-energy
    colliders}",
journal        = "Nucl. Phys.",
volume         = "B544",
pages          = "3-38",
doi            = "10.1016/S0550-3213(99)00044-9",
year           = "1999",
eprint         = "hep-ph/9811291",
archivePrefix  = "arXiv",
primaryClass   = "hep-ph",
reportNumber   = "CERN-TH-98-354",
SLACcitation   = "%%CITATION = HEP-PH/9811291;%%",
}


@article{KaluzaArticle,
  author         = "Kaluza, T.",
  title          = "{Zum Unittsproblem in der Physik}",
journal        = "Sitzungsber. Preuss. Akad. Wiss. Berlin",
volume         = "",
pages          = "966",
doi            = "",
year           = "1921",
eprint         = "",
archivePrefix  = "",
primaryClass   = "",
reportNumber   = "",
SLACcitation   = "",
}

@article{KleinArticle,
  author         = "Klein, O.",
  title          = "{Quantentheorie und f{\"u}nfdimensionale Relativit{\"a}tstheorie}",
journal        = "Zeitschrift f{\"u}r Physik 37",
volume         = "",
pages          = "895",
doi            = "",
year           = "1926",
eprint         = "",
archivePrefix  = "",
primaryClass   = "",
reportNumber   = "",
SLACcitation   = "",
}

@article{Bertone:2004pz,
  author         = "Bertone, Gianfranco and Hooper, Dan and Silk, Joseph",
  title          = "{Particle dark matter: Evidence, candidates and
    constraints}",
journal        = "Phys. Rept.",
volume         = "405",
pages          = "279-390",
doi            = "10.1016/j.physrep.2004.08.031",
year           = "2005",
eprint         = "hep-ph/0404175",
archivePrefix  = "arXiv",
primaryClass   = "hep-ph",
reportNumber   = "FERMILAB-PUB-04-047-A",
SLACcitation   = "%%CITATION = HEP-PH/0404175;%%",
}

@article{Begeman:1991iy,
  author         = "Begeman, K.G. and Broeils, A.H. and Sanders, R.H.",
  title          = "{Extended rotation curves of spiral galaxies: Dark haloes
    and modified dynamics}",
journal        = "Mon. Not. Roy. Astron. Soc.",
volume         = "249",
pages          = "523",
year           = "1991",
SLACcitation   = "%%CITATION = MNRAA,249,523;%%",
}

@article{Metcalf:2003sz,
  author         = "Metcalf, R. Benton and Moustakas, Leonidas A. and Bunker,
  Andrew J. and Parry, Ian R.",
  title          = "{Spectroscopic gravitational lensing and limits on the
    dark matter substructure in Q2237+0305}",
journal        = "Astrophys. J.",
volume         = "607",
pages          = "43-59",
doi            = "10.1086/383243",
year           = "2004",
eprint         = "astro-ph/0309738",
archivePrefix  = "arXiv",
primaryClass   = "astro-ph",
SLACcitation   = "%%CITATION = ASTRO-PH/0309738;%%",
}

@article{Hoekstra:2002nf,
  author         = "Hoekstra, Henk and Yee, Howard and Gladders, Mike",
  title          = "{Current status of weak gravitational lensing}",
  journal        = "New Astron. Rev.",
  volume         = "46",
  pages          = "767-781",
  doi            = "10.1016/S1387-6473(02)00245-2",
  year           = "2002",
  eprint         = "astro-ph/0205205",
  archivePrefix  = "arXiv",
  primaryClass   = "astro-ph",
  SLACcitation   = "%%CITATION = ASTRO-PH/0205205;%%",
}

@article{Larson:2010gs,
  author         = "Larson, D. and Dunkley, J. and Hinshaw, G. and Komatsu,
  E. and Nolta, M.R. and others",
  title          = "{Seven-Year Wilkinson Microwave Anisotropy Probe (WMAP)
    Observations: Power Spectra and WMAP-Derived Parameters}",
journal        = "Astrophys. J. Suppl.",
volume         = "192",
pages          = "16",
doi            = "10.1088/0067-0049/192/2/16",
year           = "2011",
eprint         = "1001.4635",
archivePrefix  = "arXiv",
primaryClass   = "astro-ph.CO",
SLACcitation   = "%%CITATION = ARXIV:1001.4635;%%",
}

@article{Ade:2013zuv,
  author         = "Ade, P.A.R. and others",
  title          = "{Planck 2013 results. XVI. Cosmological parameters}",
  collaboration  = "Planck Collaboration",
  journal        = "Astron. Astrophys.",
  volume         = "571",
  pages          = "A16",
  doi            = "10.1051/0004-6361/201321591",
  year           = "2014",
  eprint         = "1303.5076",
  archivePrefix  = "arXiv",
  primaryClass   = "astro-ph.CO",
  SLACcitation   = "%%CITATION = ARXIV:1303.5076;%%",
}

@article{Zacek:2007mi,
  author         = "Zacek, Viktor",
  title          = "{Dark Matter}",
  year           = "2007",
  eprint         = "0707.0472",
  archivePrefix  = "arXiv",
  primaryClass   = "astro-ph",
  SLACcitation   = "%%CITATION = ARXIV:0707.0472;%%",
}

@article{Bernabei:2010mq,
  author         = "Bernabei, R. and others",
  title          = "{New results from DAMA/LIBRA}",
  collaboration  = "DAMA Collaboration, LIBRA Collaboration",
  journal        = "Eur. Phys. J.",
  volume         = "C67",
  pages          = "39-49",
  doi            = "10.1140/epjc/s10052-010-1303-9",
  year           = "2010",
  eprint         = "1002.1028",
  archivePrefix  = "arXiv",
  primaryClass   = "astro-ph.GA",
  SLACcitation   = "%%CITATION = ARXIV:1002.1028;%%",
}

@article{Bernabei:2008yi,
      author         = "Bernabei, R. and others",
      title          = "{First results from DAMA/LIBRA and the combined results
                        with DAMA/NaI}",
      collaboration  = "DAMA Collaboration",
      journal        = "Eur. Phys. J.",
      volume         = "C56",
      pages          = "333-355",
      doi            = "10.1140/epjc/s10052-008-0662-y",
      year           = "2008",
      eprint         = "0804.2741",
      archivePrefix  = "arXiv",
      primaryClass   = "astro-ph",
      reportNumber   = "ROM2F-2008-07",
      SLACcitation   = "%%CITATION = ARXIV:0804.2741;%%",
}

@article{Agnese:2013rvf,
  author         = "Agnese, R. and others",
  title          = "{Silicon Detector Dark Matter Results from the Final
    Exposure of CDMS II}",
collaboration  = "CDMS Collaboration",
journal        = "Phys. Rev. Lett.",
volume         = "111",
pages          = "251301",
doi            = "10.1103/PhysRevLett.111.251301",
year           = "2013",
eprint         = "1304.4279",
archivePrefix  = "arXiv",
primaryClass   = "hep-ex",
reportNumber   = "FERMILAB-PUB-13-104-AE-E",
SLACcitation   = "%%CITATION = ARXIV:1304.4279;%%",
}

@article{Agnese:2014aze,
      author         = "Agnese, R. and others",
      title          = "{Search for Low-Mass Weakly Interacting Massive Particles
                        with SuperCDMS}",
      collaboration  = "SuperCDMS Collaboration",
      journal        = "Phys. Rev. Lett.",
      number         = "24",
      volume         = "112",
      pages          = "241302",
      doi            = "10.1103/PhysRevLett.112.241302",
      year           = "2014",
      eprint         = "1402.7137",
      archivePrefix  = "arXiv",
      primaryClass   = "hep-ex",
      reportNumber   = "FERMILAB-PUB-14-042-AE",
      SLACcitation   = "%%CITATION = ARXIV:1402.7137;%%",
}

@article{Aalseth:2014jpa,
      author         = "Aalseth, C.E. and Barbeau, P.S. and Colaresi, J. and
                        Leon, J. Diaz and Fast, J.E. and others",
      title          = "{Maximum Likelihood Signal Extraction Method Applied to
                        3.4 years of CoGeNT Data}",
      year           = "2014",
      eprint         = "1401.6234",
      archivePrefix  = "arXiv",
      primaryClass   = "astro-ph.CO",
      SLACcitation   = "%%CITATION = ARXIV:1401.6234;%%",
}

@article{Angloher:2011uu,
  author         = "Angloher, G. and Bauer, M. and Bavykina, I. and Bento, A.
    and Bucci, C. and others",
  title          = "{Results from 730 kg days of the CRESST-II Dark Matter
    Search}",
journal        = "Eur. Phys. J.",
volume         = "C72",
pages          = "1971",
doi            = "10.1140/epjc/s10052-012-1971-8",
year           = "2012",
eprint         = "1109.0702",
archivePrefix  = "arXiv",
primaryClass   = "astro-ph.CO",
SLACcitation   = "%%CITATION = ARXIV:1109.0702;%%",
}

@article{Akerib:2013tjd,
      author         = "Akerib, D.S. and others",
      title          = "{First results from the LUX dark matter experiment at the
                        Sanford Underground Research Facility}",
      collaboration  = "LUX Collaboration",
      journal        = "Phys. Rev. Lett.",
      number         = "9",
      volume         = "112",
      pages          = "091303",
      doi            = "10.1103/PhysRevLett.112.091303",
      year           = "2014",
      eprint         = "1310.8214",
      archivePrefix  = "arXiv",
      primaryClass   = "astro-ph.CO",
      SLACcitation   = "%%CITATION = ARXIV:1310.8214;%%",
}

@article{Aalseth:2010vx,
  author         = "Aalseth, C.E. and others",
  title          = "{Results from a Search for Light-Mass Dark Matter with a
    P-type Point Contact Germanium Detector}",
collaboration  = "CoGeNT collaboration",
journal        = "Phys. Rev. Lett.",
volume         = "106",
pages          = "131301",
doi            = "10.1103/PhysRevLett.106.131301",
year           = "2011",
eprint         = "1002.4703",
archivePrefix  = "arXiv",
primaryClass   = "astro-ph.CO",
SLACcitation   = "%%CITATION = ARXIV:1002.4703;%%",
}

@article{Aprile:2012nq,
  author         = "Aprile, E. and others",
  title          = "{Dark Matter Results from 225 Live Days of XENON100
    Data}",
collaboration  = "XENON100 Collaboration",
journal        = "Phys. Rev. Lett.",
volume         = "109",
pages          = "181301",
doi            = "10.1103/PhysRevLett.109.181301",
year           = "2012",
eprint         = "1207.5988",
archivePrefix  = "arXiv",
primaryClass   = "astro-ph.CO",
SLACcitation   = "%%CITATION = ARXIV:1207.5988;%%",
}

@article{Aprile:2013doa,
      author         = "Aprile, E. and others",
      title          = "{Limits on spin-dependent WIMP-nucleon cross sections
                        from 225 live days of XENON100 data}",
      collaboration  = "XENON100 Collaboration",
      journal        = "Phys. Rev. Lett.",
      number         = "2",
      volume         = "111",
      pages          = "021301",
      doi            = "10.1103/PhysRevLett.111.021301",
      year           = "2013",
      eprint         = "1301.6620",
      archivePrefix  = "arXiv",
      primaryClass   = "astro-ph.CO",
      SLACcitation   = "%%CITATION = ARXIV:1301.6620;%%",
}

@article{Archambault:2012pm,
      author         = "Archambault, S. and others",
      title          = "{Constraints on Low-Mass WIMP Interactions on $^{19}F$
                        from PICASSO}",
      collaboration  = "PICASSO Collaboration",
      journal        = "Phys. Lett.",
      volume         = "B711",
      pages          = "153-161",
      doi            = "10.1016/j.physletb.2012.03.078",
      year           = "2012",
      eprint         = "1202.1240",
      archivePrefix  = "arXiv",
      primaryClass   = "hep-ex",
      SLACcitation   = "%%CITATION = ARXIV:1202.1240;%%",
}

@article{Desai:2004pq,
      author         = "Desai, S. and others",
      title          = "{Search for dark matter WIMPs using upward through-going
                        muons in Super-Kamiokande}",
      collaboration  = "Super-Kamiokande Collaboration",
      journal        = "Phys. Rev.",
      volume         = "D70",
      pages          = "083523",
      doi            = "10.1103/PhysRevD.70.083523, 10.1103/PhysRevD.70.109901",
      year           = "2004",
      eprint         = "hep-ex/0404025",
      archivePrefix  = "arXiv",
      primaryClass   = "hep-ex",
      SLACcitation   = "%%CITATION = HEP-EX/0404025;%%",
}

@article{Abbasi:2009uz,
      author         = "Abbasi, R. and others",
      title          = "{Limits on a muon flux from neutralino annihilations in
                        the Sun with the IceCube 22-string detector}",
      collaboration  = "ICECUBE Collaboration",
      journal        = "Phys. Rev. Lett.",
      volume         = "102",
      pages          = "201302",
      doi            = "10.1103/PhysRevLett.102.201302",
      year           = "2009",
      eprint         = "0902.2460",
      archivePrefix  = "arXiv",
      primaryClass   = "astro-ph.CO",
      SLACcitation   = "%%CITATION = ARXIV:0902.2460;%%",
}

@article{Behnke:2010xt,
      author         = "Behnke, E. and Behnke, J. and Brice, S.J. and
                        Broemmelsiek, D. and Collar, J.I. and others",
      title          = "{Improved Limits on Spin-Dependent WIMP-Proton
                        Interactions from a Two Liter CF$_3$I Bubble Chamber}",
      journal        = "Phys. Rev. Lett.",
      volume         = "106",
      pages          = "021303",
      doi            = "10.1103/PhysRevLett.106.021303",
      year           = "2011",
      eprint         = "1008.3518",
      archivePrefix  = "arXiv",
      primaryClass   = "astro-ph.CO",
      reportNumber   = "FERMILAB-PUB-10-318-A-CD-E",
      SLACcitation   = "%%CITATION = ARXIV:1008.3518;%%",
}

@article{Felizardo:2011uw,
      author         = "Felizardo, M. and Girard, T.A. and Morlat, T. and
                        Fernandes, A.C. and Ramos, A.R. and others",
      title          = "{Final Analysis and Results of the Phase II SIMPLE Dark
                        Matter Search}",
      journal        = "Phys. Rev. Lett.",
      volume         = "108",
      pages          = "201302",
      doi            = "10.1103/PhysRevLett.108.201302",
      year           = "2012",
      eprint         = "1106.3014",
      archivePrefix  = "arXiv",
      primaryClass   = "astro-ph.CO",
      SLACcitation   = "%%CITATION = ARXIV:1106.3014;%%",
}

@article{Aguilar:2013qda,
  author         = "Aguilar, M. and others",
  title          = "{First Result from the Alpha Magnetic Spectrometer on the
    International Space Station: Precision Measurement of the
    Positron Fraction in Primary Cosmic Rays of 0.5–350
    GeV}",
collaboration  = "AMS Collaboration",
journal        = "Phys. Rev. Lett.",
volume         = "110",
pages          = "141102",
doi            = "10.1103/PhysRevLett.110.141102",
year           = "2013",
SLACcitation   = "%%CITATION = PRLTA,110,141102;%%",
}

@article{Ackermann:2011wa,
  author         = "Ackermann, M. and others",
  title          = "{Constraining Dark Matter Models from a Combined Analysis
    of Milky Way Satellites with the Fermi Large Area
    Telescope}",
collaboration  = "Fermi-LAT collaboration",
journal        = "Phys. Rev. Lett.",
volume         = "107",
pages          = "241302",
doi            = "10.1103/PhysRevLett.107.241302",
year           = "2011",
eprint         = "1108.3546",
archivePrefix  = "arXiv",
primaryClass   = "astro-ph.HE",
reportNumber   = "SLAC-PUB-15004",
SLACcitation   = "%%CITATION = ARXIV:1108.3546;%%",
}

@article{Adriani:2008zr,
  author         = "Adriani, Oscar and others",
  title          = "{An anomalous positron abundance in cosmic rays with
    energies 1.5-100 GeV}",
collaboration  = "PAMELA Collaboration",
journal        = "Nature",
volume         = "458",
pages          = "607-609",
doi            = "10.1038/nature07942",
year           = "2009",
eprint         = "0810.4995",
archivePrefix  = "arXiv",
primaryClass   = "astro-ph",
SLACcitation   = "%%CITATION = ARXIV:0810.4995;%%",
}

@article{Goodman:2010ku,
  author         = "Goodman, Jessica and Ibe, Masahiro and Rajaraman, Arvind
    and Shepherd, William and Tait, Tim M.P. and others",
  title          = "{Constraints on Dark Matter from Colliders}",
  journal        = "Phys. Rev.",
  volume         = "D82",
  pages          = "116010",
  doi            = "10.1103/PhysRevD.82.116010",
  year           = "2010",
  eprint         = "1008.1783",
  archivePrefix  = "arXiv",
  primaryClass   = "hep-ph",
  reportNumber   = "UCI-HEP-TR-2010-15",
  SLACcitation   = "%%CITATION = ARXIV:1008.1783;%%",
}



%---------- Statistics

@article{Cranmer:2012sba,
  author         = "Cranmer, Kyle and Lewis, George and Moneta, Lorenzo and
    Shibata, Akira and Verkerke, Wouter",
  title          = "{HistFactory: A tool for creating statistical models for
    use with RooFit and RooStats}",
collaboration  = "ROOT Collaboration",
year           = "2012",
reportNumber   = "CERN-OPEN-2012-016",
SLACcitation   = "%%CITATION = CERN-OPEN-2012-016 ETC.;%%",
}

@article{Cowan:2010js,
  author         = "Cowan, Glen and Cranmer, Kyle and Gross, Eilam and
    Vitells, Ofer",
  title          = "{Asymptotic formulae for likelihood-based tests of new
    physics}",
journal        = "Eur. Phys. J.",
volume         = "C71",
pages          = "1554",
doi            = "10.1140/epjc/s10052-011-1554-0",
year           = "2011",
eprint         = "1007.1727",
archivePrefix  = "arXiv",
primaryClass   = "physics.data-an",
SLACcitation   = "%%CITATION = ARXIV:1007.1727;%%",
}

@article{Baak:2014wma,
  author         = "Baak, M. and Besjes, G.J. and Cote, D. and Koutsman, A.
    and Lorenz, J. and others",
  title          = "{HistFitter software framework for statistical data
    analysis}",
year           = "2014",
eprint         = "1410.1280",
archivePrefix  = "arXiv",
primaryClass   = "hep-ex",
SLACcitation   = "%%CITATION = ARXIV:1410.1280;%%",
}

%---------- ATLAS detector

@article{Evans:2008zzb,
  author         = "Evans, Lyndon and Bryant, Philip",
  editor         = "Evans, Lyndon",
  title          = "{LHC Machine}",
  journal        = "JINST",
  volume         = "3",
  pages          = "S08001",
  doi            = "10.1088/1748-0221/3/08/S08001",
  year           = "2008",
  SLACcitation   = "%%CITATION = JINST,3,S08001;%%",
}

@article{Aamodt:2008zz,
      author         = "Aamodt, K. and others",
      title          = "{The ALICE experiment at the CERN LHC}",
      collaboration  = "ALICE Collaboration",
      journal        = "JINST",
      volume         = "3",
      pages          = "S08002",
      doi            = "10.1088/1748-0221/3/08/S08002",
      year           = "2008",
      SLACcitation   = "%%CITATION = JINST,3,S08002;%%",
}

@article{Aad:2008zzm,
      title          = "{The ATLAS Experiment at the CERN Large Hadron Collider}",
      collaboration  = "ATLAS Collaboration",
      journal        = "JINST",
      volume         = "3",
      pages          = "S08003",
      doi            = "10.1088/1748-0221/3/08/S08003",
      year           = "2008",
      SLACcitation   = "%%CITATION = JINST,3,S08003;%%",
}

@article{Chatrchyan:2008aa,
      title          = "{The CMS experiment at the CERN LHC}",
      collaboration  = "CMS Collaboration",
      journal        = "JINST",
      volume         = "3",
      pages          = "S08004",
      doi            = "10.1088/1748-0221/3/08/S08004",
      year           = "2008",
      SLACcitation   = "%%CITATION = JINST,3,S08004;%%",
}

@article{Alves:2008zz,
      author         = "Alves, A. Augusto, Jr. and others",
      title          = "{The LHCb Detector at the LHC}",
      collaboration  = "LHCb Collaboration",
      journal        = "JINST",
      volume         = "3",
      pages          = "S08005",
      doi            = "10.1088/1748-0221/3/08/S08005",
      year           = "2008",
      SLACcitation   = "%%CITATION = JINST,3,S08005;%%",
}


@article{Abazov:2009av,
      author         = "Abazov, V.M. and others",
      title          = "{Measurements of differential cross sections of
                        Z/gamma*+jets+X events in proton anti-proton collisions at
                        s**(1/2) = 1.96-TeV}",
      collaboration  = "D0 Collaboration",
      journal        = "Phys. Lett.",
      volume         = "B678",
      pages          = "45-54",
      doi            = "10.1016/j.physletb.2009.05.058",
      year           = "2009",
      eprint         = "arXiv:hep-ex/0903.1748",
      archivePrefix  = "arXiv",
      primaryClass   = "hep-ex",
}

@article{Aad:2010ai,
      title          = "{Readiness of the ATLAS Liquid Argon Calorimeter for LHC
                        Collisions}",
      collaboration  = "ATLAS Collaboration",
      journal        = "Eur. Phys. J.",
      volume         = "C70",
      pages          = "723-753",
      doi            = "10.1140/epjc/s10052-010-1354-y",
      year           = "2010",
      eprint         = "0912.2642",
      archivePrefix  = "arXiv",
      primaryClass   = "physics.ins-det",
      SLACcitation   = "%%CITATION = ARXIV:0912.2642;%%",
}

@article{Aad:2010af,
      title          = "{Readiness of the ATLAS Tile Calorimeter for LHC
                        collisions}",
      collaboration  = "ATLAS Collaboration",
      journal        = "Eur. Phys. J.",
      volume         = "C70",
      pages          = "1193-1236",
      doi            = "10.1140/epjc/s10052-010-1508-y",
      year           = "2010",
      eprint         = "1007.5423",
      archivePrefix  = "arXiv",
      primaryClass   = "physics.ins-det",
      reportNumber   = "CERN-PH-EP-2010-024",
      SLACcitation   = "%%CITATION = ARXIV:1007.5423;%%",
}

@article{Aad:2010mr,
      title          = "{Studies of the performance of the ATLAS detector using
                        cosmic-ray muons}",
      collaboration  = "ATLAS Collaboration",
      journal        = "Eur. Phys. J.",
      volume         = "C71",
      pages          = "1593",
      doi            = "10.1140/epjc/s10052-011-1593-6",
      year           = "2011",
      eprint         = "1011.6665",
      archivePrefix  = "arXiv",
      primaryClass   = "physics.ins-det",
      SLACcitation   = "%%CITATION = ARXIV:1011.6665;%%",
}

@article{Aad:2013ucp,
      title          = "{Improved luminosity determination in $pp$ collisions at
                        $\sqrt{s}$ = 7 TeV using the ATLAS detector at the LHC}",
      collaboration  = "ATLAS",
      journal        = "Eur. Phys. J.",
      volume         = "C73",
      pages          = "2518",
      doi            = "10.1140/epjc/s10052-013-2518-3",
      year           = "2013",
      eprint         = "1302.4393",
      archivePrefix  = "arXiv",
      primaryClass   = "hep-ex",
      reportNumber   = "CERN-PH-EP-2013-026",
      SLACcitation   = "%%CITATION = ARXIV:1302.4393;%%",
}

@article{Aad:2012xs,
      title          = "{Performance of the ATLAS Trigger System in 2010}",
      collaboration  = "ATLAS Collaboration",
      journal        = "Eur. Phys. J.",
      volume         = "C72",
      pages          = "1849",
      doi            = "10.1140/epjc/s10052-011-1849-1",
      year           = "2012",
      eprint         = "1110.1530",
      archivePrefix  = "arXiv",
      primaryClass   = "hep-ex",
      reportNumber   = "CERN-PH-EP-2011-078",
      SLACcitation   = "%%CITATION = ARXIV:1110.1530;%%",
}

@article{Lampl:2008zz,
      author         = "Lampl, W. and Laplace, S. and Lelas, D. and Loch, P. and
                        Ma, H. and others",
      title          = "{Calorimeter clustering algorithms: Description and
                        performance}",
      year           = "2008",
      reportNumber   = "ATL-LARG-PUB-2008-002, ATL-COM-LARG-2008-003",
      SLACcitation   = "%%CITATION = ATL-LARG-PUB-2008-002 ETC.;%%",
}

@article{Aad:2011mk,
      title          = "{Electron performance measurements with the ATLAS
                        detector using the 2010 LHC proton-proton collision data}",
      collaboration  = "ATLAS Collaboration",
      journal        = "Eur. Phys. J.",
      volume         = "C72",
      pages          = "1909",
      doi            = "10.1140/epjc/s10052-012-1909-1",
      year           = "2012",
      eprint         = "1110.3174",
      archivePrefix  = "arXiv",
      primaryClass   = "hep-ex",
      reportNumber   = "CERN-PH-EP-2011-117",
      SLACcitation   = "%%CITATION = ARXIV:1110.3174;%%",
}

@article{Aad:2014fxa,
  title          = "{Electron reconstruction and identification efficiency
    measurements with the ATLAS detector using the 2011 LHC
    proton-proton collision data}",
  collaboration  = "ATLAS Collaboration",
  journal        = "Eur. Phys. J.",
  volume         = "C74",
  pages          = "2941",
  doi            = "10.1140/epjc/s10052-014-2941-0",
  year           = "2014",
  eprint         = "1404.2240",
  archivePrefix  = "arXiv",
  primaryClass   = "hep-ex",
  reportNumber   = "CERN-PH-EP-2014-040",
  SLACcitation   = "%%CITATION = ARXIV:1404.2240;%%",
}

@article{Aad:2014nim,
  title          = "{Electron and photon energy calibration with the ATLAS
    detector using LHC Run 1 data}",
collaboration  = "ATLAS Collaboration",
year           = "2014",
eprint         = "1407.5063",
archivePrefix  = "arXiv",
primaryClass   = "hep-ex",
reportNumber   = "CERN-PH-EP-2014-153",
SLACcitation   = "%%CITATION = ARXIV:1407.5063;%%",
}

@article{Aad:2014zya,
      title          = "{Muon reconstruction efficiency and momentum resolution
                        of the ATLAS experiment in proton-proton collisions at
                        $\sqrt{s}$=7 TeV in 2010}",
      collaboration  = "ATLAS Collaboration",
      year           = "2014",
      eprint         = "1404.4562",
      archivePrefix  = "arXiv",
      primaryClass   = "hep-ex",
      reportNumber   = "CERN-PH-EP-2013-154",
      SLACcitation   = "%%CITATION = ARXIV:1404.4562;%%",
}

@article{Aad:2014rra,
  title          = "{Measurement of the muon reconstruction performance of
    the ATLAS detector using 2011 and 2012 LHC proton-proton
    collision data}",
collaboration  = "ATLAS Collaboration",
year           = "2014",
eprint         = "1407.3935",
archivePrefix  = "arXiv",
primaryClass   = "hep-ex",
reportNumber   = "CERN-PH-EP-2014-151",
SLACcitation   = "%%CITATION = ARXIV:1407.3935;%%",
}

@article{Hassani:2007cy,
      author         = "Hassani, S. and Chevalier, L. and Lancon, E. and Laporte,
                        J.F. and Nicolaidou, R. and others",
      title          = "{A muon identification and combined reconstruction
                        procedure for the ATLAS detector at the LHC using the
                        (MUONBOY, STACO, MuTag) reconstruction packages}",
      journal        = "Nucl. Instrum. Meth.",
      volume         = "A572",
      pages          = "77-79",
      doi            = "10.1016/j.nima.2006.10.340",
      year           = "2007",
      SLACcitation   = "%%CITATION = NUIMA,A572,77;%%",
}

@article{Catani:1991hj,
      author         = "Catani, S. and Dokshitzer, Yuri L. and Olsson, M. and
                        Turnock, G. and Webber, B.R.",
      title          = "{New clustering algorithm for multi - jet cross-sections
                        in e+ e- annihilation}",
      journal        = "Phys. Lett.",
      volume         = "B269",
      pages          = "432-438",
      doi            = "10.1016/0370-2693(91)90196-W",
      year           = "1991",
      reportNumber   = "CAVENDISH-HEP-91-5",
      SLACcitation   = "%%CITATION = PHLTA,B269,432;%%",
}

@article{Cacciari:2008gp,
      author         = "Cacciari, Matteo and Salam, Gavin P. and Soyez, Gregory",
      title          = "{The Anti-k(t) jet clustering algorithm}",
      journal        = "JHEP",
      volume         = "0804",
      pages          = "063",
      doi            = "10.1088/1126-6708/2008/04/063",
      year           = "2008",
      eprint         = "0802.1189",
      archivePrefix  = "arXiv",
      primaryClass   = "hep-ph",
      reportNumber   = "LPTHE-07-03",
      SLACcitation   = "%%CITATION = ARXIV:0802.1189;%%",
}

@article{TheATLAScollaboration:2013pia,
      author         = "The ATLAS collaboration",
      title          = "{Pile-up subtraction and suppression for jets in ATLAS}",
      year           = "2013",
      reportNumber   = "ATLAS-CONF-2013-083, ATLAS-COM-CONF-2013-097",
      SLACcitation   = "%%CITATION = ATLAS-CONF-2013-083 ETC.;%%",
}

@article{ATLAS:2013wma,
      key            = "1229978",
      title          = "{Jet energy scale and its systematic uncertainty in
                        proton-proton collisions at sqrt(s)=7 TeV with ATLAS 2011
                        data}",
      collaboration  = "ATLAS Collaboration",
      year           = "2013",
      reportNumber   = "ATLAS-CONF-2013-004, ATLAS-COM-CONF-2012-171",
      SLACcitation   = "%%CITATION = ATLAS-CONF-2013-004 ETC.;%%",
}

@article{Aad:2011he,
  title          = "{Jet energy measurement with the ATLAS detector in
    proton-proton collisions at $\sqrt{s}=7$ TeV}",
collaboration  = "ATLAS Collaboration",
journal        = "Eur. Phys. J.",
volume         = "C73",
pages          = "2304",
doi            = "10.1140/epjc/s10052-013-2304-2",
year           = "2013",
eprint         = "1112.6426",
archivePrefix  = "arXiv",
primaryClass   = "hep-ex",
reportNumber   = "CERN-PH-EP-2011-191",
SLACcitation   = "%%CITATION = ARXIV:1112.6426;%%",
}

@article{Aad:2014bia,
  title          = "{Jet energy measurement and its systematic uncertainty in
    proton-proton collisions at $\sqrt{s}=7$ TeV with the
    ATLAS detector}",
collaboration  = "ATLAS Collaboration",
year           = "2014",
eprint         = "1406.0076",
archivePrefix  = "arXiv",
primaryClass   = "hep-ex",
reportNumber   = "CERN-PH-EP-2013-222",
SLACcitation   = "%%CITATION = ARXIV:1406.0076;%%",
}

@article{ATLAS:2011jea,
  key            = "1204069",
  title          = "{In-situ pseudorapidity intercalibration for evaluation
    of jet energy scale uncertainty using dijet events in
    proton-proton collisions at sqrt(s)=7 TeV}",
collaboration  = "ATLAS Collaboration",
year           = "2011",
reportNumber   = "ATLAS-CONF-2011-014, ATLAS-COM-CONF-2011-029",
SLACcitation   = "%%CITATION = ATLAS-CONF-2011-014 ETC.;%%",
}

@article{TheATLAScollaboration:2013oia,
      author         = "The ATLAS collaboration",
      title          = "{Performance of Missing Transverse Momentum
                        Reconstruction in ATLAS studied in Proton-Proton
                        Collisions recorded in 2012 at 8 TeV}",
      year           = "2013",
      reportNumber   = "ATLAS-CONF-2013-082, ATLAS-COM-CONF-2013-075",
      SLACcitation   = "%%CITATION = ATLAS-CONF-2013-082 ETC.;%%",
}

@article{Aad:1379858,
  title         = "{Performance of Missing Transverse Momentum Reconstruction
    in Proton-Proton Collisions at $\sqrt{s}$ = 7 TeV with
    ATLAS}",
journal       = "Eur. Phys. J. C",
collaboration = "ATLAS Collaboration",
number        = "arXiv:1108.5602. CERN-PH-EP-2011-114",
volume        = "72",
pages         = "1844. 33 p",
month         = "Sep",
year          = "2011",
}                                                                                                                                            

@article{ATLAS:2012ana,
  key            = "1204294",
  title          = "{Measurements of the photon identification efficiency
    with the ATLAS detector using 4.9 fb−1 of pp collision
    data collected in 2011}",
  collaboration  = "ATLAS Collaboration",
  year           = "2012",
  reportNumber   = "ATLAS-CONF-2012-123, ATLAS-COM-CONF-2012-139",
  SLACcitation   = "%%CITATION = ATLAS-CONF-2012-123 ETC.;%%",
}

@article{TheATLAScollaboration:2013wha,
  author         = "The ATLAS collaboration",
  title          = "{Identification of the Hadronic Decays of Tau Leptons in
    2012 Data with the ATLAS Detector}",
year           = "2013",
reportNumber   = "ATLAS-CONF-2013-064, ATLAS-COM-CONF-2013-019",
SLACcitation   = "%%CITATION = ATLAS-CONF-2013-064 ETC.;%%",
}

%------------- Monojet

@article{Casadei:2011via,
      author         = "Casadei, D. and Aracena, I. and Banerjee, S. and
                        Beauchemin, P-H and Calvet, S. and others",
      title          = "{The implementation of the ATLAS missing Et triggers for
                        the initial LHC operation}",
      year           = "2011",
      reportNumber   = "ATL-DAQ-PUB-2011-001, ATL-COM-DAQ-2011-010",
      SLACcitation   = "%%CITATION = ATL-DAQ-PUB-2011-001 ETC.;%%",
}

@article{Agostinelli:2002hh,
      author         = "Agostinelli, S. and others",
      title          = "{GEANT4: A Simulation toolkit}",
      collaboration  = "GEANT4",
      journal        = "Nucl. Instrum. Meth.",
      volume         = "A506",
      pages          = "250-303",
      doi            = "10.1016/S0168-9002(03)01368-8",
      year           = "2003",
      reportNumber   = "SLAC-PUB-9350, FERMILAB-PUB-03-339",
      SLACcitation   = "%%CITATION = NUIMA,A506,250;%%",
}

@article{Barberio:2007gba,
  author         = "Barberio, E. and Boudreau, J. and Butler, B. and Cheung,
  S.L. and Della-Acqua, A. and others",
  title          = "{The Geant4-Based ATLAS Fast Electromagnetic Shower
    Simulation}",
year           = "2007",
reportNumber   = "ATL-SOFT-CONF-2007-002, ATL-COM-SOFT-2007-014",
SLACcitation   = "%%CITATION = ATL-SOFT-CONF-2007-002 ETC.;%%",
}

@article{Ovyn:2009tx,
  author         = "Ovyn, S. and Rouby, X. and Lemaitre, V.",
  title          = "{DELPHES, a framework for fast simulation of a generic
    collider experiment}",
year           = "2009",
eprint         = "0903.2225",
archivePrefix  = "arXiv",
primaryClass   = "hep-ph",
reportNumber   = "CP3-09-01",
SLACcitation   = "%%CITATION = ARXIV:0903.2225;%%",
}

@article{Gleisberg:2008ta,
      author         = "Gleisberg, T. and Hoeche, Stefan. and Krauss, F. and
                        Schonherr, M. and Schumann, S. and others",
      title          = "{Event generation with SHERPA 1.1}",
      journal        = "JHEP",
      volume         = "0902",
      pages          = "007",
      doi            = "10.1088/1126-6708/2009/02/007",
      year           = "2009",
      eprint         = "0811.4622",
      archivePrefix  = "arXiv",
      primaryClass   = "hep-ph",
      reportNumber   = "FERMILAB-PUB-08-477-T, SLAC-PUB-13420, ZU-TH-17-08,
                        DCPT-08-138, IPPP-08-69, EDINBURGH-2008-30, MCNET-08-14",
      SLACcitation   = "%%CITATION = ARXIV:0811.4622;%%",
}

@article{Lai:2010vv,
      author         = "Lai, Hung-Liang and Guzzi, Marco and Huston, Joey and Li,
                        Zhao and Nadolsky, Pavel M. and others",
      title          = "{New parton distributions for collider physics}",
      journal        = "Phys. Rev.",
      volume         = "D82",
      pages          = "074024",
      doi            = "10.1103/PhysRevD.82.074024",
      year           = "2010",
      eprint         = "1007.2241",
      archivePrefix  = "arXiv",
      primaryClass   = "hep-ph",
      reportNumber   = "MSUHEP-100707, SMU-HEP-10-10",
      SLACcitation   = "%%CITATION = ARXIV:1007.2241;%%",
}

@article{Mangano:2002ea,
      author         = "Mangano, Michelangelo L. and Moretti, Mauro and
                        Piccinini, Fulvio and Pittau, Roberto and Polosa, Antonio
                        D.",
      title          = "{ALPGEN, a generator for hard multiparton processes in
                        hadronic collisions}",
      journal        = "JHEP",
      volume         = "0307",
      pages          = "001",
      doi            = "10.1088/1126-6708/2003/07/001",
      year           = "2003",
      eprint         = "hep-ph/0206293",
      archivePrefix  = "arXiv",
      primaryClass   = "hep-ph",
      reportNumber   = "CERN-TH-2002-129, FTN-T-2002-06",
      SLACcitation   = "%%CITATION = HEP-PH/0206293;%%",
}

@article{Catani:2007vq,
      author         = "Catani, Stefano and Grazzini, Massimiliano",
      title          = "{An NNLO subtraction formalism in hadron collisions and
                        its application to Higgs boson production at the LHC}",
      journal        = "Phys. Rev. Lett.",
      volume         = "98",
      pages          = "222002",
      doi            = "10.1103/PhysRevLett.98.222002",
      year           = "2007",
      eprint         = "hep-ph/0703012",
      archivePrefix  = "arXiv",
      primaryClass   = "hep-ph",
      SLACcitation   = "%%CITATION = HEP-PH/0703012;%%",
}

@article{Martin:2009iq,
      author         = "Martin, A.D. and Stirling, W.J. and Thorne, R.S. and
                        Watt, G.",
      title          = "{Parton distributions for the LHC}",
      journal        = "Eur. Phys. J.",
      volume         = "C63",
      pages          = "189-285",
      doi            = "10.1140/epjc/s10052-009-1072-5",
      year           = "2009",
      eprint         = "0901.0002",
      archivePrefix  = "arXiv",
      primaryClass   = "hep-ph",
      reportNumber   = "IPPP-08-95, DCPT-08-190, CAVENDISH-HEP-08-16",
      SLACcitation   = "%%CITATION = ARXIV:0901.0002;%%",
}

@article{Frixione:2007vw,
      author         = "Frixione, Stefano and Nason, Paolo and Oleari, Carlo",
      title          = "{Matching NLO QCD computations with Parton Shower
                        simulations: the POWHEG method}",
      journal        = "JHEP",
      volume         = "0711",
      pages          = "070",
      doi            = "10.1088/1126-6708/2007/11/070",
      year           = "2007",
      eprint         = "0709.2092",
      archivePrefix  = "arXiv",
      primaryClass   = "hep-ph",
      reportNumber   = "BICOCCA-FT-07-9, GEF-TH-21-2007",
      SLACcitation   = "%%CITATION = ARXIV:0709.2092;%%",
}

@article{Frixione:2008ym,
  author         = "Frixione, Stefano and Webber, Bryan R.",
  title          = "{The MC and NLO 3.4 Event Generator}",
  year           = "2008",
  eprint         = "0812.0770",
  archivePrefix  = "arXiv",
  primaryClass   = "hep-ph",
  reportNumber   = "CAVENDISH-HEP-08-14",
  SLACcitation   = "%%CITATION = ARXIV:0812.0770;%%",
}

@article{Alwall:2011uj,
  author         = "Alwall, Johan and Herquet, Michel and Maltoni, Fabio and
    Mattelaer, Olivier and Stelzer, Tim",
  title          = "{MadGraph 5 : Going Beyond}",
  journal        = "JHEP",
  volume         = "1106",
  pages          = "128",
  doi            = "10.1007/JHEP06(2011)128",
  year           = "2011",
  eprint         = "1106.0522",
  archivePrefix  = "arXiv",
  primaryClass   = "hep-ph",
  reportNumber   = "FERMILAB-PUB-11-448-T",
  SLACcitation   = "%%CITATION = ARXIV:1106.0522;%%",
}

@article{Lai:1994bb,
      author         = "Lai, H.L. and Botts, J. and Huston, J. and Morfin, J.G.
                        and Owens, J.F. and others",
      title          = "{Global QCD analysis and the CTEQ parton distributions}",
      journal        = "Phys. Rev.",
      volume         = "D51",
      pages          = "4763-4782",
      doi            = "10.1103/PhysRevD.51.4763",
      year           = "1995",
      eprint         = "hep-ph/9410404",
      archivePrefix  = "arXiv",
      primaryClass   = "hep-ph",
      reportNumber   = "MSUHEP-41024, CTEQ-404",
      SLACcitation   = "%%CITATION = HEP-PH/9410404;%%",
}

@article{Skands:2010ak,
      author         = "Skands, Peter Zeiler",
      title          = "{Tuning Monte Carlo Generators: The Perugia Tunes}",
      journal        = "Phys. Rev.",
      volume         = "D82",
      pages          = "074018",
      doi            = "10.1103/PhysRevD.82.074018",
      year           = "2010",
      eprint         = "1005.3457",
      archivePrefix  = "arXiv",
      primaryClass   = "hep-ph",
      reportNumber   = "MCNET-10-08, CERN-PH-TH-2010-113",
      SLACcitation   = "%%CITATION = ARXIV:1005.3457;%%",
}

@article{Kersevan:2002dd,
      author         = "Kersevan, Borut Paul and Richter-Was, Elzbieta",
      title          = "{The Monte Carlo event generator AcerMC version 1.0 with
                        interfaces to PYTHIA 6.2 and HERWIG 6.3}",
      journal        = "Comput. Phys. Commun.",
      volume         = "149",
      pages          = "142-194",
      doi            = "10.1016/S0010-4655(02)00592-1",
      year           = "2003",
      eprint         = "hep-ph/0201302",
      archivePrefix  = "arXiv",
      primaryClass   = "hep-ph",
      reportNumber   = "ICSJU-2002-001, TPJU-1-2002",
      SLACcitation   = "%%CITATION = HEP-PH/0201302;%%",
}

@article{Sjostrand:2006za,
  author         = "Sjostrand, Torbjorn and Mrenna, Stephen and Skands, Peter
    Z.",
  title          = "{PYTHIA 6.4 Physics and Manual}",
  journal        = "JHEP",
  volume         = "0605",
  pages          = "026",
  doi            = "10.1088/1126-6708/2006/05/026",
  year           = "2006",
  eprint         = "hep-ph/0603175",
  archivePrefix  = "arXiv",
  primaryClass   = "hep-ph",
  reportNumber   = "FERMILAB-PUB-06-052-CD-T, LU-TP-06-13",
  SLACcitation   = "%%CITATION = HEP-PH/0603175;%%",
}

@article{Bahr:2008dy,
  author         = "Bahr, Manuel and Gieseke, Stefan and Seymour, Michael H.",
  title          = "{Simulation of multiple partonic interactions in Herwig++}",
  journal        = "JHEP",
  volume         = "0807",
  pages          = "076",
  doi            = "10.1088/1126-6708/2008/07/076",
  year           = "2008",
  eprint         = "0803.3633",
  archivePrefix  = "arXiv",
  primaryClass   = "hep-ph",
  reportNumber   = "CERN-PH-TH-2008-055, KA-TP-08-2008",
  SLACcitation   = "%%CITATION = ARXIV:0803.3633;%%",
}

@article{Corcella:2000bw,
  author         = "Corcella, G. and Knowles, I.G. and Marchesini, G. and
    Moretti, S. and Odagiri, K. and others",
  title          = "{HERWIG 6: An Event generator for hadron emission
    reactions with interfering gluons (including
        supersymmetric processes)}",
  journal        = "JHEP",
  volume         = "0101",
  pages          = "010",
  doi            = "10.1088/1126-6708/2001/01/010",
  year           = "2001",
  eprint         = "hep-ph/0011363",
  archivePrefix  = "arXiv",
  primaryClass   = "hep-ph",
  reportNumber   = "CAVENDISH-HEP-99-03, CERN-TH-2000-284, RAL-TR-2000-048",
  SLACcitation   = "%%CITATION = HEP-PH/0011363;%%",
}

@article{Butterworth:1996zw,
  author         = "Butterworth, J.M. and Forshaw, Jeffrey R. and Seymour,
  M.H.",
  title          = "{Multiparton interactions in photoproduction at HERA}",
  journal        = "Z. Phys.",
  volume         = "C72",
  pages          = "637-646",
  doi            = "10.1007/s002880050286",
  year           = "1996",
  eprint         = "hep-ph/9601371",
  archivePrefix  = "arXiv",
  primaryClass   = "hep-ph",
  reportNumber   = "CERN-TH-96-82, M-C-TH-96-05, UCL-HEP-96-02",
  SLACcitation   = "%%CITATION = HEP-PH/9601371;%%",
}

@article{Catani:2001cc,
  author         = "Catani, S. and Krauss, F. and Kuhn, R. and Webber, B.R.",
  title          = "{QCD matrix elements + parton showers}",
  journal        = "JHEP",
  volume         = "0111",
  pages          = "063",
  doi            = "10.1088/1126-6708/2001/11/063",
  year           = "2001",
  eprint         = "hep-ph/0109231",
  archivePrefix  = "arXiv",
  primaryClass   = "hep-ph",
  reportNumber   = "CERN-TH-2000-367, CAVENDISH-HEP-00-03",
  SLACcitation   = "%%CITATION = HEP-PH/0109231;%%",
}

@article{Mangano:2006rw,
  author         = "Mangano, Michelangelo L. and Moretti, Mauro and
    Piccinini, Fulvio and Treccani, Michele",
  title          = "{Matching matrix elements and shower evolution for
    top-quark production in hadronic collisions}",
journal        = "JHEP",
volume         = "0701",
pages          = "013",
doi            = "10.1088/1126-6708/2007/01/013",
year           = "2007",
eprint         = "hep-ph/0611129",
archivePrefix  = "arXiv",
primaryClass   = "hep-ph",
reportNumber   = "CERN-PH-TH-2006-232, FNT-T-2006-09",
SLACcitation   = "%%CITATION = HEP-PH/0611129;%%",
}

@article{Caravaglios:1998yr,
  author         = "Caravaglios, F. and Mangano, Michelangelo L. and Moretti,
  M. and Pittau, R.",
  title          = "{A New approach to multijet calculations in hadron
    collisions}",
journal        = "Nucl. Phys.",
volume         = "B539",
pages          = "215-232",
doi            = "10.1016/S0550-3213(98)00739-1",
year           = "1999",
eprint         = "hep-ph/9807570",
archivePrefix  = "arXiv",
primaryClass   = "hep-ph",
reportNumber   = "CERN-TH-98-249",
SLACcitation   = "%%CITATION = HEP-PH/9807570;%%",
}

@article{Johansen:2010ac,
      author         = "Johansen, M. and Edsjo, J. and Hellman, S. and Milstead,
                        D.",
      title          = "{Long-lived stops in MSSM scenarios with a neutralino
                        LSP}",
      journal        = "JHEP",
      volume         = "1008",
      pages          = "005",
      doi            = "10.1007/JHEP08(2010)005",
      year           = "2010",
      eprint         = "1003.4540",
      archivePrefix  = "arXiv",
      primaryClass   = "hep-ph",
      SLACcitation   = "%%CITATION = ARXIV:1003.4540;%%",
}

@article{Aad:2012hg,
      title          = "{Measurements of top quark pair relative differential
                        cross-sections with ATLAS in $pp$ collisions at
                        $\sqrt{s}=7$ TeV}",
      collaboration  = "ATLAS Collaboration",
      journal        = "Eur. Phys. J.",
      volume         = "C73",
      pages          = "2261",
      doi            = "10.1140/epjc/s10052-012-2261-1",
      year           = "2013",
      eprint         = "1207.5644",
      archivePrefix  = "arXiv",
      primaryClass   = "hep-ex",
      reportNumber   = "CERN-PH-EP-2012-165",
      SLACcitation   = "%%CITATION = ARXIV:1207.5644;%%",
}


%------------- Interpretations

@article{Binoth:2011xi,
  author         = "Binoth, Thomas and Goncalves Netto, Dorival and
    Lopez-Val, David and Mawatari, Kentarou and Plehn, Tilman
    and others",
  title          = "{Automized Squark-Neutralino Production to
    Next-to-Leading Order}",
journal        = "Phys. Rev.",
volume         = "D84",
pages          = "075005",
doi            = "10.1103/PhysRevD.84.075005",
year           = "2011",
eprint         = "1108.1250",
archivePrefix  = "arXiv",
primaryClass   = "hep-ph",
SLACcitation   = "%%CITATION = ARXIV:1108.1250;%%",
}

@article{Aad:2014nua,
  title          = "{Search for direct production of charginos and
    neutralinos in events with three leptons and missing
    transverse momentum in $\sqrt{s} =$ 8TeV $pp$ collisions
    with the ATLAS detector}",
collaboration  = "ATLAS Collaboration",
journal        = "JHEP",
volume         = "1404",
pages          = "169",
doi            = "10.1007/JHEP04(2014)169",
year           = "2014",
eprint         = "1402.7029",
archivePrefix  = "arXiv",
primaryClass   = "hep-ex",
reportNumber   = "CERN-PH-EP-2014-019",
SLACcitation   = "%%CITATION = ARXIV:1402.7029;%%",
}

@article{ATLAS:2012zim,
  key            = "1230004",
  title          = "{Search for New Phenomena in Monojet plus Missing
    Transverse Momentum Final States using 10fb-1 of pp
    Collisions at sqrt{s}=8 TeV with the ATLAS detector at the
    LHC}",
collaboration  = "ATLAS Collaboration",
year           = "2012",
reportNumber   = "ATLAS-CONF-2012-147, ATLAS-COM-CONF-2012-190",
SLACcitation   = "%%CITATION = ATLAS-CONF-2012-147 ETC.;%%",
}

@article{Pumplin:2001ct,
  author         = "Pumplin, J. and Stump, D. and Brock, R. and Casey, D. and
    Huston, J. and others",
  title          = "{Uncertainties of predictions from parton distribution
    functions. 2. The Hessian method}",
journal        = "Phys. Rev.",
volume         = "D65",
pages          = "014013",
doi            = "10.1103/PhysRevD.65.014013",
year           = "2001",
eprint         = "hep-ph/0101032",
archivePrefix  = "arXiv",
primaryClass   = "hep-ph",
reportNumber   = "MSU-HEP-07101, CERN-TH-2000-360",
SLACcitation   = "%%CITATION = HEP-PH/0101032;%%",
}

@article{ATLAS:2012ky,
  title          = "{Search for dark matter candidates and large extra
    dimensions in events with a jet and missing transverse
    momentum with the ATLAS detector}",
collaboration  = "ATLAS Collaboration",
journal        = "JHEP",
volume         = "1304",
pages          = "075",
doi            = "10.1007/JHEP04(2013)075",
year           = "2013",
eprint         = "1210.4491",
archivePrefix  = "arXiv",
primaryClass   = "hep-ex",
reportNumber   = "CERN-PH-EP-2012-210",
SLACcitation   = "%%CITATION = ARXIV:1210.4491;%%",
}

@article{CMS:rwa,
  key            = "1230233",
  title          = "{Search for new physics in monojet events in pp
    collisions at sqrt(s)= 8 TeV}",
collaboration  = "CMS Collaboration",
year           = "2013",
reportNumber   = "CMS-PAS-EXO-12-048",
SLACcitation   = "%%CITATION = CMS-PAS-EXO-12-048 ETC.;%%",
}

@article{TheATLAScollaboration:2013tha,
  title          = "{Search for strong production of supersymmetric particles
    in final states with missing transverse momentum and at
    least three b-jets using 20.1 fb−1 of pp collisions at
    sqrt(s) = 8 TeV with the ATLAS Detector.}",
collaboration  = "ATLAS Collaboration",
year           = "2013",
reportNumber   = "ATLAS-CONF-2013-061, ATLAS-COM-CONF-2013-071",
SLACcitation   = "%%CITATION = ATLAS-CONF-2013-061 ETC.;%%",
}

@article{Aad:2014wea,
  title          = "{Search for squarks and gluinos with the ATLAS detector
    in final states with jets and missing transverse momentum
    using $\sqrt{s}=8$ TeV proton--proton collision data}",
collaboration  = "ATLAS Collaboration",
year           = "2014",
eprint         = "1405.7875",
archivePrefix  = "arXiv",
primaryClass   = "hep-ex",
reportNumber   = "CERN-PH-EP-2014-093",
SLACcitation   = "%%CITATION = ARXIV:1405.7875;%%",
}

@article{Aaltonen:2012tq,
      author         = "Aaltonen, T. and others",
      title          = "{Search for Scalar Top Quark Production in $p\bar{p}$
                        Collisions at $\sqrt{s}=1.96$ TeV}",
      collaboration  = "CDF Collaboration",
      journal        = "JHEP",
      volume         = "1210",
      pages          = "158",
      doi            = "10.1007/JHEP10(2012)158",
      year           = "2012",
      eprint         = "1203.4171",
      archivePrefix  = "arXiv",
      primaryClass   = "hep-ex",
      reportNumber   = "FERMILAB-PUB-12-075-E",
      SLACcitation   = "%%CITATION = ARXIV:1203.4171;%%",
}

@article{Abazov:2008rc,
      author         = "Abazov, V.M. and others",
      title          = "{Search for scalar top quarks in the acoplanar charm jets
                        and missing transverse energy final state in $p \bar{p}$
                        collisions at $\sqrt{s}$ = 1.96-TeV}",
      collaboration  = "D0 Collaboration",
      journal        = "Phys. Lett.",
      volume         = "B665",
      pages          = "1-8",
      doi            = "10.1016/j.physletb.2008.05.037",
      year           = "2008",
      eprint         = "0803.2263",
      archivePrefix  = "arXiv",
      primaryClass   = "hep-ex",
      reportNumber   = "FERMILAB-PUB-08-063-E",
      SLACcitation   = "%%CITATION = ARXIV:0803.2263;%%",
}

@article{Aad:2013ija,
      title          = "{Search for direct third-generation squark pair
                        production in final states with missing transverse
                        momentum and two $b$-jets in $\sqrt{s} =$ 8 TeV $pp$
                        collisions with the ATLAS detector}",
      collaboration  = "ATLAS",
      journal        = "JHEP",
      volume         = "1310",
      pages          = "189",
      doi            = "10.1007/JHEP10(2013)189",
      year           = "2013",
      eprint         = "1308.2631",
      archivePrefix  = "arXiv",
      primaryClass   = "hep-ex",
      reportNumber   = "CERN-PH-EP-2013-119",
      SLACcitation   = "%%CITATION = ARXIV:1308.2631;%%",
}

@article{Aaltonen:2010dy,
  author         = "Aaltonen, T. and others",
  title          = "{Search for the Production of Scalar Bottom Quarks in $p
    \bar {p} $ collisions at $\sqrt{s} $ = 1.96 TeV}",
collaboration  = "CDF Collaboration",
journal        = "Phys. Rev. Lett.",
volume         = "105",
pages          = "081802",
doi            = "10.1103/PhysRevLett.105.081802",
year           = "2010",
eprint         = "1005.3600",
archivePrefix  = "arXiv",
primaryClass   = "hep-ex",
reportNumber   = "FERMILAB-PUB-10-140-E",
SLACcitation   = "%%CITATION = ARXIV:1005.3600;%%",
}

@article{Abazov:2010wq,
  author         = "Abazov, Victor Mukhamedovich and others",
  title          = "{Search for scalar bottom quarks and third-generation
    leptoquarks in $p p^-$ bar collisions at $\sqrt{s}=1.96$
    TeV}",
collaboration  = "D0 Collaboration",
journal        = "Phys. Lett.",
volume         = "B693",
pages          = "95-101",
doi            = "10.1016/j.physletb.2010.08.028",
year           = "2010",
eprint         = "1005.2222",
archivePrefix  = "arXiv",
primaryClass   = "hep-ex",
reportNumber   = "FERMILAB-PUB-10-104-E",
SLACcitation   = "%%CITATION = ARXIV:1005.2222;%%",
}


%----------- Appendixes

@article{Kuhn:2007cv,
      author         = "Kuhn, Johann H. and Kulesza, A. and Pozzorini, S. and
                        Schulze, M.",
      title          = "{Electroweak corrections to hadronic production of W
                        bosons at large transverse momenta}",
      journal        = "Nucl. Phys.",
      volume         = "B797",
      pages          = "27-77",
      doi            = "10.1016/j.nuclphysb.2007.12.029",
      year           = "2008",
      eprint         = "0708.0476",
      archivePrefix  = "arXiv",
      primaryClass   = "hep-ph",
      reportNumber   = "TTP07-19, SFB-CPP-07-43, MPP-2007-102, DESY-07-112",
      SLACcitation   = "%%CITATION = ARXIV:0708.0476;%%",
}

@article{Tang:2013vya,
  author         = "Tang, F. and Anderson, K. and Drake, G. and Genat, J.F.
    and Oreglia, M. and others",
  title          = "{Design of the front-end readout electronics for ATLAS
    Tile Calorimeter at the sLHC}",
journal        = "IEEE Trans.Nucl.Sci.",
number         = "2",
volume         = "60",
pages          = "1255-1259",
doi            = "10.1109/TNS.2012.2215053",
year           = "2013",
SLACcitation   = "%%CITATION = IETNA,60,1255;%%",
}

@article{Starchenko:2002ju,
  author         = "Starchenko, E. and others",
  title          = "{Cesium monitoring system for ATLAS Tile Hadron
    Calorimeter}",
collaboration  = "ATLAS Collaboration",
journal        = "Nucl.Instrum.Meth.",
volume         = "A494",
pages          = "381-384",
doi            = "10.1016/S0168-9002(02)01507-3",
year           = "2002",
SLACcitation   = "%%CITATION = NUIMA,A494,381;%%",
}

@article{Denner:2012ts,
  author         = "Denner, Ansgar and Dittmaier, Stefan and Kasprzik, Tobias
    and Mück, Alexander",
  title          = "{Electroweak corrections to monojet production at the
    LHC}",
journal        = "Eur.Phys.J.",
number         = "2",
volume         = "C73",
pages          = "2297",
doi            = "10.1140/epjc/s10052-013-2297-x",
year           = "2013",
eprint         = "1211.5078",
archivePrefix  = "arXiv",
primaryClass   = "hep-ph",
SLACcitation   = "%%CITATION = ARXIV:1211.5078;%%",
}

@article{Denner:2011vu,
  author         = "Denner, Ansgar and Dittmaier, Stefan and Kasprzik, Tobias
    and Muck, Alexander",
  title          = "{Electroweak corrections to dilepton + jet production at
    hadron colliders}",
journal        = "JHEP",
volume         = "1106",
pages          = "069",
doi            = "10.1007/JHEP06(2011)069",
year           = "2011",
eprint         = "1103.0914",
archivePrefix  = "arXiv",
primaryClass   = "hep-ph",
SLACcitation   = "%%CITATION = ARXIV:1103.0914;%%",
}

@article{Denner:2009gj,
  author         = "Denner, Ansgar and Dittmaier, Stefan and Kasprzik, Tobias
    and Muck, Alexander",
  title          = "{Electroweak corrections to W + jet hadroproduction
    including leptonic W-boson decays}",
journal        = "JHEP",
volume         = "0908",
pages          = "075",
doi            = "10.1088/1126-6708/2009/08/075",
year           = "2009",
eprint         = "0906.1656",
archivePrefix  = "arXiv",
primaryClass   = "hep-ph",
reportNumber   = "MPP-2009-72, PSI-PR-09-08",
SLACcitation   = "%%CITATION = ARXIV:0906.1656;%%",
}

@article{Calvet:2008zz,
  author         = "Calvet, David and Giangiobbe, Vincent",
  title          = "{Performance of the TileCal super-drawers from a global
    analysis of the MobiDICK tests}",
year           = "2008",
reportNumber   = "ATL-TILECAL-PUB-2008-007, ATL-COM-TILECAL-2007-010",
SLACcitation   = "%%CITATION = ATL-TILECAL-PUB-2008-007 ETC.;%%",
}
